@article{sun2009rankclus:,
title={RankClus: integrating clustering with ranking for heterogeneous information network analysis},
author={Sun, Yizhou and Han, Jiawei and Zhao, Peixiang and Yin, Zhijun and Cheng, Hong and Wu, Tianyi},
pages={565--576},
year={2009}}
@article{sun2011pathsim:,
title={Pathsim: Meta path-based top-k similarity search in heterogeneous information networks},
author={Sun, Yizhou and Han, Jiawei and Yan, Xifeng and Yu, Philip S and Wu, Tianyi},
journal={Proceedings of The Vldb Endowment},
volume={4},
pages={992--1003},
year={2011}}
@article{tang2015target-dependent,
title={Target-Dependent Sentiment Classification with Long Short Term Memory},
author={Tang, Duyu and Qin, Bing and Feng, Xiaocheng and Liu, Ting},
journal={arXiv: Computation and Language},
year={2015}}
@article{chen2017improving,
title={Improving sentiment analysis via sentence type classification using BiLSTM-CRF and CNN},
author={Chen, Tao and Xu, Ruifeng and He, Yulan and Wang, Xuan},
journal={Expert Systems With Applications},
volume={72},
pages={221--230},
year={2017}}
@article{li2014sentiment,
title={Sentiment Analysis on the People's Daily},
author={Li, Jiwei and Hovy, Eduard H},
pages={467--476},
year={2014}}
@article{katiyar2016investigating,
title={Investigating LSTMs for Joint Extraction of Opinion Entities and Relations.},
author={Katiyar, Arzoo and Cardie, Claire},
pages={919--929},
year={2016}}
@article{dong2014adaptive,
title={Adaptive Recursive Neural Network for Target-dependent Twitter Sentiment Classification},
author={Dong, Li and Wei, Furu and Tan, Chuanqi and Tang, Duyu and Zhou, Ming and Xu, Ke},
pages={49--54},
year={2014}}
@article{sun2012when,
title={When will it happen?: relationship prediction in heterogeneous information networks},
author={Sun, Yizhou and Han, Jiawei and Aggarwal, Charu C and Chawla, Nitesh V},
pages={663--672},
year={2012}}
@article{sun2013meta-path-based,
title={Meta-Path-Based Search and Mining in Heterogeneous Information Networks},
author={Sun, Yizhou and Han, Jiawei},
journal={Tsinghua Science \& Technology},
volume={18},
number={4},
pages={329--338},
year={2013}}
